@article{kim2016review,
  title={A review on the distribution of Hg in the environment and its human health impacts},
  author={Kim, Ki-Hyun and Kabir, Ehsanul and Jahan, Shamin Ara},
  journal={Journal of hazardous materials},
  volume={306},
  pages={376--385},
  year={2016},
  publisher={Elsevier}
}

@article{park2012human,
	title={Human exposure and health effects of inorganic and elemental mercury},
	author={Park, Jung-Duck and Zheng, Wei},
	journal={Journal of preventive medicine and public health},
	volume={45},
	number={6},
	pages={344},
	year={2012},
	publisher={Korean Society for Preventive Medicine}
}