@article{kim2016review,
  title={A review on the distribution of Hg in the environment and its human health impacts},
  author={Kim, Ki-Hyun and Kabir, Ehsanul and Jahan, Shamin Ara},
  journal={Journal of hazardous materials},
  volume={306},
  pages={376--385},
  year={2016},
  publisher={Elsevier}
}

@article{park2012human,
	title={Human exposure and health effects of inorganic and elemental mercury},
	author={Park, Jung-Duck and Zheng, Wei},
	journal={Journal of preventive medicine and public health},
	volume={45},
	number={6},
	pages={344},
	year={2012},
	publisher={Korean Society for Preventive Medicine}
}

@article{al-Majed2000,
	title={An Assessment of the Total and Methyl Mercury Content of Zooplankton and Fish Tissue Collected from Kuwait Territorial Waters},
	author={Al-Majed, Nahida and Preston},
	journal={Marine Pollution Bulletin},
	volume={40},
	number={4},
	pages={298--307},
}

@article{al2000factors,
	title={Factors influencing the total mercury and methyl mercury in the hair of the fishermen of Kuwait},
	author={Al-Majed, NB and Preston, MR},
	journal={Environmental Pollution},
	volume={109},
	number={2},
	pages={239--250},
	year={2000},
	publisher={Elsevier}
}